<?xml version="1.0" encoding="UTF-8"?><record xmlns="http://www.loc.gov/MARC21/slim" xmlns:cinclude="http://apache.org/cocoon/include/1.0" xmlns:zs="http://www.loc.gov/zing/srw/">
  <leader>01290cz  a2200265n  4500</leader>
  <controlfield tag="001">n  81051893 </controlfield>
  <controlfield tag="003">DLC</controlfield>
  <controlfield tag="005">20141218070539.0</controlfield>
  <controlfield tag="008">810529n| acannaabn          |b aba      </controlfield>
  <datafield tag="010" ind1=" " ind2=" ">
    <subfield code="a">n  81051893 </subfield>
  </datafield>
  <datafield tag="035" ind1=" " ind2=" ">
    <subfield code="a">(OCoLC)oca00597402</subfield>
  </datafield>
  <datafield tag="040" ind1=" " ind2=" ">
    <subfield code="a">DLC</subfield>
    <subfield code="b">eng</subfield>
    <subfield code="c">DLC</subfield>
    <subfield code="d">DLC-R</subfield>
    <subfield code="d">OCoLC</subfield>
    <subfield code="d">HU</subfield>
    <subfield code="d">DLC</subfield>
  </datafield>
  <datafield tag="100" ind1="1" ind2=" ">
    <subfield code="a">Kim, Chung-ung</subfield>
  </datafield>
  <datafield tag="400" ind1="1" ind2=" ">
    <subfield code="a">김 중웅</subfield>
  </datafield>
  <datafield tag="400" ind1="1" ind2=" ">
    <subfield code="a">김 충웅</subfield>
  </datafield>
  <datafield tag="667" ind1=" " ind2=" ">
    <subfield code="a">THIS 1XX FIELD CANNOT BE USED UNDER RDA UNTIL THIS UNDIFFERENTIATED RECORD HAS BEEN HANDLED FOLLOWING THE GUIDELINES IN DCM Z1 008/32</subfield>
  </datafield>
  <datafield tag="667" ind1=" " ind2=" ">
    <subfield code="a">Machine-derived non-Latin script reference project.</subfield>
  </datafield>
  <datafield tag="667" ind1=" " ind2=" ">
    <subfield code="a">Non-Latin script references not evaluated.</subfield>
  </datafield>
  <datafield tag="670" ind1=" " ind2=" ">
    <subfield code="a">[Author of Sŭpʻochʻŭ ka ilbanin ...]</subfield>
  </datafield>
  <datafield tag="670" ind1=" " ind2=" ">
    <subfield code="a">His Sŭpʻochʻŭ ka ilbanin ... 1971:</subfield>
    <subfield code="b">t.p. (Kim Chung-ung)</subfield>
  </datafield>
  <datafield tag="670" ind1=" " ind2=" ">
    <subfield code="a">[Author of Il-Chunggong kan ŭi kyŏngje hyŏmnyŏk ... ]</subfield>
  </datafield>
  <datafield tag="670" ind1=" " ind2=" ">
    <subfield code="a">His Il-Chunggong kan ŭi kyŏngje hyŏmnyŏk e kwanhan kochʻal, 1980:</subfield>
    <subfield code="b">t.p. (Kim  Chʻung-ung)</subfield>
  </datafield>
  <datafield tag="670" ind1=" " ind2=" ">
    <subfield code="a">[Editor of Yujŏnja chaejohap sirhŏmpŏp]</subfield>
  </datafield>
  <datafield tag="670" ind1=" " ind2=" ">
    <subfield code="a">Chi, H.S. Yujŏnja chaejohap sirhŏmpŏp, 1991:</subfield>
    <subfield code="b">colophon (Kim Chʻung-ung; res. of North Korea]</subfield>
  </datafield>
  <datafield tag="675" ind1=" " ind2=" ">
    <subfield code="a">Paksa chʻonggam, 1979- :</subfield>
    <subfield code="a">v. 1- ;</subfield>
    <subfield code="a">Insarok, 1975;</subfield>
    <subfield code="a">Hanʼguk inmyŏng, 1978;</subfield>
    <subfield code="a">Hanʼguk chaegye insarok, 1979;</subfield>
    <subfield code="a">Pukhan inmyŏng, 1981.</subfield>
  </datafield>
</record>